@article{data_paper, 
    title={The Reddit Self-Post Classification Task (RSPCT) : ahighly multiclass dataset for text classification (PREPRINT)},
    url={https://evolution.ai//blog_figures/reddit_dataset/rspct_preprint_v3.pdf},
    publisher={Evolution AI}, 
    author={Jones, Mike Swarbrick}, 
    year={2018}, 
    month={Oct}
}

@misc{TF_IDF_algorithm, 
    title={The TF*IDF Algorithm Explained}, 
    url={https://www.onely.com/blog/what-is-tf-idf/}, 
    journal={Onely}, 
    author={Góralewicz, Bartosz}, 
    year={2018}, 
    month={Mar}
}

@article{Kneedle, 
    title={Finding a “Kneedle” in a Haystack:Detecting Knee Points in System Behavior}, url={https://sustainablecomputinglab.org/wp-content/uploads/2014/09/simplex.pdf}, 
    author={Satopaa, Ville and Albrecht, Jeannie and Irwin, David and Raghavan, Barath}
} 

@article{kaggle_bayes, 
    title={The Reddit Self-Post Classification Task (RSPCT) : ahighly multiclass dataset for text classification (PREPRINT)},
    url={https://evolution.ai//blog_figures/reddit_dataset/rspct_preprint_v3.pdf},
    publisher={Evolution AI}, 
    author={Jones, Mike Swarbrick}, 
    year={2018}, 
    month={Oct}
}

@misc{Glorot_Uniform, 
    title={Keras layer weight initializers}, 
    url={https://keras.io/api/layers/initializers/#glorotuniform-class}, 
    journal={Keras}
}

@misc{relu_function, 
    title={Keras layer activation functions}, 
    url={https://keras.io/api/layers/activations/#relu-function}, 
    journal={Keras}
}


@misc{softmax_function, 
    title={Keras layer activation functions}, 
    url={https://keras.io/api/layers/activations/#softmax-function}, 
    journal={Keras}
}

@misc{adam_optimizer, 
    title={Keras optimizers}, 
    url={https://keras.io/api/optimizers/adam/}, 
    journal={Keras}
}

@misc{categorical_crossentropy_optimizer, 
    title={Keras loss functions}, 
    url={https://keras.io/api/losses/probabilistic_losses/#categoricalcrossentropy-class}, 
    journal={Keras}
}

@misc{l2_regularizer, 
    title={Keras layer weight regularizers}, 
    url={https://keras.io/api/layers/regularizers/#l2-class}, 
    journal={Keras}
}

@misc{kaggle_logistic, 
    title={Text classification pipeline newsgroups20},
    url={https://www.kaggle.com/balatmak/text-classification-pipeline-newsgroups20},
    journal={Kaggle}, 
    publisher={Kaggle}, 
    author={Balatmak}, 
    year={2019}, 
    month={May}
}

@misc{informatics_project, 
    title={Minerva},
    url={https://detiuaveiro.github.io/social-network-mining/code/public-portfolio/index.html},
    publisher={DETI}, 
    author={Silva, Diogo and Escaleira, Pedro and Oliveira, Pedro and Simões, Rafael}, 
    year={2020}, 
    month={June}
}

@misc{vader,
title={Valence Aware Dictionary and sEntiment Reasoner},
url={https://github.com/cjhutto/vaderSentiment}
}
